@article{enunciado,
	title={Laboratorio 3 Organización de Computadores: Pipeline},
	author={Felipe Garay},
	year={2015}
}
@misc{ profiling,
       title = "Análisis de rendimiento de software --- Wikipedia{,} La enciclopedia libre",
       author = "Wikipedia",
       year = "2013",
       url = "https://es.wikipedia.org/w/index.php?title=An%C3%A1lisis_de_rendimiento_de_software&oldid=69967834",
       note = "[Internet; descargado 11-octubre-2015]"
}
@misc{ repo,
       title = "Laboratorio-3",
       author = "Hernán Olmedo",
       year = "2015",
       url = "https://github.com/hernanolmedo/Laboratorio-3",
}